<?xml version="1.0" encoding="UTF-8"?><collection xmlns="http://www.loc.gov/MARC21/slim"><record><leader>00531nam--2200193-i-4500</leader><controlfield tag="001">000008917</controlfield><controlfield tag="002">20161230</controlfield><controlfield tag="005">20161230201028</controlfield><controlfield tag="008">060222s1000------------r-----000-0-eng-d</controlfield><datafield ind1=" " ind2=" " tag="020"><subfield code="a">0120255103</subfield></datafield><datafield ind1=" " ind2=" " tag="040"><subfield code="a">IFIN-HH</subfield></datafield><datafield ind1=" " ind2=" " tag="080"><subfield code="a">539.143.43:537.635</subfield></datafield><datafield ind1="1" ind2=" " tag="100"><subfield code="a">Waugh, John S</subfield></datafield><datafield ind1="1" ind2="0" tag="245"><subfield code="a">Advances in magnetic resonance</subfield><subfield code="b">Volume 10</subfield><subfield code="c">John s. waugh (ed.)</subfield></datafield><datafield ind1=" " ind2=" " tag="260"><subfield code="a">New York</subfield><subfield code="b">Academic Press</subfield><subfield code="c">1982</subfield></datafield><datafield ind1=" " ind2=" " tag="300"><subfield code="a">223P</subfield></datafield><datafield ind1=" " ind2=" " tag="490"><subfield code="a">Advances In Magnetic Resonance</subfield></datafield><datafield ind1=" " ind2=" " tag="852"><subfield code="a">23347</subfield><subfield code="c">539.143.43</subfield></datafield><datafield ind1=" " ind2=" " tag="CAT"><subfield code="a">Sys</subfield><subfield code="c">20120419</subfield><subfield code="h">165717</subfield></datafield></record></collection>